<record><leader>00000cas a2200000 a 4500</leader><controlfield tag="001">65286102</controlfield><controlfield tag="006">m     o  d        </controlfield><controlfield tag="007">cr bnu||||||||</controlfield><controlfield tag="008">060329d18331833pauwr nso     0    0eng c</controlfield><datafield ind1=" " ind2=" " tag="010"><subfield code="a">  2006255752</subfield></datafield><datafield ind1=" " ind2=" " tag="040"><subfield code="a">APSON</subfield><subfield code="b">eng</subfield><subfield code="c">APSON</subfield><subfield code="d">APSON</subfield><subfield code="d">ZCU</subfield><subfield code="d">GUA</subfield><subfield code="d">DLC</subfield><subfield code="d">OCLCQ</subfield><subfield code="d">OCLCF</subfield><subfield code="d">OCLCO</subfield><subfield code="d">OCLCQ</subfield><subfield code="d">OCL</subfield></datafield><datafield ind1=" " ind2=" " tag="042"><subfield code="a">pcc</subfield></datafield><datafield ind1=" " ind2=" " tag="043"><subfield code="a">n-us-pa</subfield></datafield><datafield ind1="1" ind2="4" tag="050"><subfield code="a">AP2</subfield></datafield><datafield ind1="0" ind2=" " tag="130"><subfield code="a">Atkinson's Saturday evening post and bulletin (Online)</subfield></datafield><datafield ind1="1" ind2="0" tag="245"><subfield code="a">Atkinson's Saturday evening post and bulletin.</subfield></datafield><datafield ind1="3" ind2=" " tag="246"><subfield code="a">Atkinson's Saturday evening post</subfield></datafield><datafield ind1="1" ind2="3" tag="246"><subfield code="a">S.E. post and bulletin</subfield></datafield><datafield ind1=" " ind2=" " tag="260"><subfield code="a">Philadelphia :</subfield><subfield code="b">[Samuel Coate Atkinson],</subfield><subfield code="c">1833.</subfield></datafield><datafield ind1=" " ind2=" " tag="310"><subfield code="a">Weekly</subfield></datafield><datafield ind1=" " ind2=" " tag="336"><subfield code="a">text</subfield><subfield code="b">txt</subfield><subfield code="2">rdacontent</subfield></datafield><datafield ind1=" " ind2=" " tag="337"><subfield code="a">computer</subfield><subfield code="b">c</subfield><subfield code="2">rdamedia</subfield></datafield><datafield ind1=" " ind2=" " tag="338"><subfield code="a">online resource</subfield><subfield code="b">cr</subfield><subfield code="2">rdacarrier</subfield></datafield><datafield ind1="0" ind2=" " tag="362"><subfield code="a">Vol. 13 = whole no. 597 (Jan. 5, 1833)-whole no. 634 (Sept. 21, 1833).</subfield></datafield><datafield ind1=" " ind2=" " tag="500"><subfield code="a">Title from PDF caption (Proquest, viewed Dec. 29, 2006).</subfield></datafield><datafield ind1=" " ind2=" " tag="515"><subfield code="a">Whole no. 597-634 called also bulletin no. 270-307.</subfield></datafield><datafield ind1=" " ind2=" " tag="530"><subfield code="a">Also issued in print and on microform.</subfield></datafield><datafield ind1=" " ind2=" " tag="538"><subfield code="a">Mode of access: World Wide Web.</subfield></datafield><datafield ind1=" " ind2=" " tag="580"><subfield code="a">Merger of: Atkinson's Saturday evening post (Philadelphia, Pa. : 1831 : Online), and: Saturday bulletin (Philadelphia, Pa. : 1827 : Online).</subfield></datafield><datafield ind1=" " ind2="0" tag="650"><subfield code="a">Literature, Modern</subfield><subfield code="y">19th century</subfield><subfield code="v">Periodicals.</subfield></datafield><datafield ind1=" " ind2="0" tag="651"><subfield code="a">Philadelphia (Pa.)</subfield><subfield code="v">Newspapers.</subfield></datafield><datafield ind1=" " ind2="0" tag="651"><subfield code="a">Philadelphia County (Pa.)</subfield><subfield code="v">Newspapers.</subfield></datafield><datafield ind1=" " ind2="7" tag="650"><subfield code="a">Literature, Modern.</subfield><subfield code="2">fast</subfield><subfield code="0">(OCoLC)fst01000172</subfield></datafield><datafield ind1=" " ind2="7" tag="651"><subfield code="a">Pennsylvania</subfield><subfield code="z">Philadelphia.</subfield><subfield code="2">fast</subfield><subfield code="0">(OCoLC)fst01204170</subfield></datafield><datafield ind1=" " ind2="7" tag="651"><subfield code="a">Pennsylvania</subfield><subfield code="z">Philadelphia County.</subfield><subfield code="2">fast</subfield><subfield code="0">(OCoLC)fst01217128</subfield></datafield><datafield ind1=" " ind2="7" tag="648"><subfield code="a">1800-1899</subfield><subfield code="2">fast</subfield></datafield><datafield ind1=" " ind2="7" tag="655"><subfield code="a">Newspapers.</subfield><subfield code="2">fast</subfield><subfield code="0">(OCoLC)fst01423814</subfield></datafield><datafield ind1=" " ind2="7" tag="655"><subfield code="a">Periodicals.</subfield><subfield code="2">fast</subfield><subfield code="0">(OCoLC)fst01411641</subfield></datafield><datafield ind1="1" ind2=" " tag="700"><subfield code="a">Atkinson, Samuel Coate.</subfield></datafield><datafield ind1=" " ind2=" " tag="752"><subfield code="a">United States</subfield><subfield code="b">Pennsylvania</subfield><subfield code="c">Philadelphia</subfield><subfield code="d">Philadelphia.</subfield></datafield><datafield ind1="1" ind2=" " tag="776"><subfield code="t">Atkinson's Saturday evening post and bulletin</subfield><subfield code="x">2156-6003</subfield><subfield code="w">(DLC)sn 85036095</subfield><subfield code="w">(OCoLC)13919215</subfield></datafield><datafield ind1="0" ind2="0" tag="780"><subfield code="t">Atkinson's Saturday evening post (Philadelphia, Pa. : 1831 : Online)</subfield><subfield code="w">(DLC)  2006255751</subfield><subfield code="w">(OCoLC)65286564</subfield></datafield><datafield ind1="1" ind2="4" tag="780"><subfield code="t">Saturday bulletin (Philadelphia, Pa. : 1827 : Online)</subfield></datafield><datafield ind1="1" ind2="0" tag="785"><subfield code="t">Atkinson's Saturday evening post (Philadelphia, Pa. : 1833 : Online)</subfield><subfield code="w">(DLC)  2006255753</subfield><subfield code="w">(OCoLC)65285487</subfield></datafield><datafield ind1="4" ind2="0" tag="856"><subfield code="u">http://proquest.umi.com/pqdweb?RQT=318&amp;VName=HNP&amp;pmid=42274</subfield></datafield><datafield ind1="1" ind2=" " tag="029"><subfield code="a">AU@</subfield><subfield code="b">000041176085</subfield></datafield></record>